<?xml version="1.0" encoding="UTF-8"?><record xmlns="http://www.loc.gov/MARC21/slim" xmlns:cinclude="http://apache.org/cocoon/include/1.0" xmlns:zs="http://www.loc.gov/zing/srw/">
  <leader>00433cz  a2200133n  4500</leader>
  <controlfield tag="001">no 91009288 </controlfield>
  <controlfield tag="003">DLC</controlfield>
  <controlfield tag="005">20130808091008.0</controlfield>
  <controlfield tag="008">910409n| azannaabn          |a aaa     c</controlfield>
  <datafield tag="010" ind1=" " ind2=" ">
    <subfield code="a">no 91009288 </subfield>
  </datafield>
  <datafield tag="040" ind1=" " ind2=" ">
    <subfield code="a">IEN-Mu</subfield>
    <subfield code="b">eng</subfield>
    <subfield code="e">rda</subfield>
    <subfield code="c">IEN-Mu</subfield>
    <subfield code="d">DLC</subfield>
  </datafield>
  <datafield tag="100" ind1="1" ind2=" ">
    <subfield code="a">Hallberg, Bengt,</subfield>
    <subfield code="d">1932-2013.</subfield>
    <subfield code="t">Hällristningar</subfield>
  </datafield>
  <datafield tag="400" ind1="1" ind2=" ">
    <subfield code="a">Hallberg, Bengt,</subfield>
    <subfield code="d">1932-2013.</subfield>
    <subfield code="t">Rock-carvings</subfield>
  </datafield>
  <datafield tag="670" ind1=" " ind2=" ">
    <subfield code="a">His Hällristningar, c1987:</subfield>
    <subfield code="b">t.p. (Hällristningar = Rock-carvings)</subfield>
  </datafield>
</record>